<record><leader>00000cas a22000007a 4500</leader><controlfield tag="001">34479243</controlfield><controlfield tag="008">960327c19889999cauir ne      0    0eng d</controlfield><datafield ind1=" " ind2=" " tag="010"><subfield code="a">sn 96062698 </subfield></datafield><datafield ind1=" " ind2=" " tag="040"><subfield code="a">CNK</subfield><subfield code="b">eng</subfield><subfield code="c">CNK</subfield><subfield code="d">OCLCQ</subfield><subfield code="d">OCLCF</subfield><subfield code="d">OCLCO</subfield></datafield><datafield ind1="1" ind2=" " tag="029"><subfield code="a">AU@</subfield><subfield code="b">000025930109</subfield></datafield><datafield ind1=" " ind2=" " tag="042"><subfield code="a">msc</subfield></datafield><datafield ind1=" " ind2=" " tag="043"><subfield code="a">n-us-ca</subfield></datafield><datafield ind1="0" ind2=" " tag="130"><subfield code="a">Orland press-register (Orland, Calif. : 1988)</subfield></datafield><datafield ind1="1" ind2="0" tag="245"><subfield code="a">Orland press-register.</subfield></datafield><datafield ind1=" " ind2=" " tag="260"><subfield code="a">Orland, Calif. :</subfield><subfield code="b">[s.n.]</subfield></datafield><datafield ind1=" " ind2=" " tag="310"><subfield code="a">Three times a week,</subfield><subfield code="b">Nov. 4, 1991-</subfield></datafield><datafield ind1=" " ind2=" " tag="321"><subfield code="a">Semiweekly,</subfield><subfield code="b">June 7, 1988-Nov. 1, 1991</subfield></datafield><datafield ind1="0" ind2=" " tag="362"><subfield code="a">Vol. 6, no. 72 (June 7, 1988)-</subfield></datafield><datafield ind1=" " ind2="0" tag="651"><subfield code="a">Orland (Calif.)</subfield><subfield code="v">Newspapers.</subfield></datafield><datafield ind1=" " ind2="7" tag="655"><subfield code="a">Newspapers.</subfield><subfield code="2">fast</subfield><subfield code="0">(OCoLC)fst01423814</subfield></datafield><datafield ind1=" " ind2="7" tag="651"><subfield code="a">California</subfield><subfield code="z">Orland.</subfield><subfield code="2">fast</subfield><subfield code="0">(OCoLC)fst01215496</subfield></datafield><datafield ind1=" " ind2=" " tag="752"><subfield code="a">United States</subfield><subfield code="b">California</subfield><subfield code="c">Glenn</subfield><subfield code="d">Orland.</subfield></datafield><datafield ind1="0" ind2="0" tag="780"><subfield code="t">Press-register</subfield><subfield code="w">(DLC)sn 96062697</subfield></datafield></record>